@Book{Chr02 ,
author = 	{Chris , F.},
title = 	{Python},
year =		{2002},
publisher = 	{Berkeley (Calif.)}
};

@misc{Fou16 ,
author = 	{Python Software Foundation},
title = 	{The Python Standard Library},
howpublished = 	{Website},
year = 		{1990(Accessed 10 Mar 2016)},
note = 		{\url{https://docs.python.org/2.7/library/re.html}}
};

@misc{Lyo16 ,
author =	{Gordon Lyon},
title ={Techniques de scan de ports(Revised Sixth Edition)},
howpublished = 	{Website},
year = 		{2012(Accessed 13 feb 2016)},
note ={\url{https://nmap.org/man/fr/man-port-scanning-techniques.html}}
};

